@article{Livina2010,
annote = {        From Duplicate 1 (                   Potential analysis reveals changing number of climate states during the last 60 kyr                 - Livina, V N; Kwasniok, F; Lenton, T M )
                
Cited By (since 1996): 3
Export Date: 24 January 2011
Source: Scopus
        
        From Duplicate 2 (                   of the Past Potential analysis reveals changing number of climate states during the last 60 kyr                 - Livina, V N; Kwasniok, F; Lenton, T M )
                
        
        
      },
author = {Livina, V N and Kwasniok, F and Lenton, T M},
file = {:Users/vasilisdakos/Documents/Mendeley Desktop//Livina, Kwasniok, Lenton - 2010 - Potential analysis reveals changing number of climate states during the last 60 kyr.pdf:pdf},
journal = {Climate of the Past},
number = {1},
pages = {77--82},
title = {{Potential analysis reveals changing number of climate states during the last 60 kyr}},
url = {http://www.scopus.com/inward/record.url?eid=2-s2.0-77149154992\&partnerID=40\&md5=b71880c969cd65fa6f1d5362357c9fac},
volume = {6},
year = {2010}
}
